
@inproceedings{DBLP:conf/tpctc/WaudbySKMBS20,
  author    = {Jack Waudby and
               Benjamin A. Steer and
               Karim Karimov and
               J{\'{o}}zsef Marton and
               Peter A. Boncz and
               G{\'{a}}bor Sz{\'{a}}rnyas},
  editor    = {Raghunath Nambiar and
               Meikel Poess},
  title     = {Towards Testing {ACID} Compliance in the {LDBC} {S}ocial {N}etwork {B}enchmark},
  booktitle = {{TPCTC}},
  series    = {Lecture Notes in Computer Science},
  volume    = {12752},
  pages     = {1--17},
  publisher = {Springer},
  year      = {2020},
  url       = {https://doi.org/10.1007/978-3-030-84924-5_1},
  doi       = {10.1007/978-3-030-84924-5_1},
  timestamp = {Fri, 06 Aug 2021 15:44:31 +0200},
  biburl    = {https://dblp.org/rec/conf/tpctc/WaudbySKMBS20.bib},
  bibsource = {dblp computer science bibliography, https://dblp.org}
}