@inproceedings{DBLP:conf/sigmod/WaudbySPS20,
  author    = {Jack Waudby and
               Benjamin A. Steer and
               Arnau Prat{-}P{\'{e}}rez and
               G{\'{a}}bor Sz{\'{a}}rnyas},
  title     = {Supporting Dynamic Graphs and Temporal Entity Deletions in the {LDBC} {S}ocial {N}etwork {B}enchmark's Data Generator},
  booktitle = {{GRADES-NDA} at {SIGMOD}},
  pages     = {8:1--8:8},
  publisher = {{ACM}},
  year      = {2020},
  url       = {https://doi.org/10.1145/3398682.3399165},
  doi       = {10.1145/3398682.3399165},
  timestamp = {Thu, 11 Jun 2020 19:34:28 +0200},
  biburl    = {https://dblp.org/rec/conf/sigmod/WaudbySPS20.bib},
  bibsource = {dblp computer science bibliography, https://dblp.org}
}
