@article{DBLP:journals/pvldb/IosupHNHPMCCSAT16,
  author    = {Alexandru Iosup and
               Tim Hegeman and
               Wing Lung Ngai and
               Stijn Heldens and
               Arnau Prat{-}P{\'{e}}rez and
               Thomas Manhardt and
               Hassan Chafi and
               Mihai Capota and
               Narayanan Sundaram and
               Michael J. Anderson and
               Ilie Gabriel Tanase and
               Yinglong Xia and
               Lifeng Nai and
               Peter A. Boncz},
  title     = {{LDBC} {G}raphalytics: {A} Benchmark for Large-Scale Graph Analysis on Parallel and Distributed Platforms},
  journal   = {{VLDB}},
  volume    = {9},
  number    = {13},
  pages     = {1317--1328},
  year      = {2016},
  url       = {http://www.vldb.org/pvldb/vol9/p1317-iosup.pdf},
  doi       = {10.14778/3007263.3007270},
  timestamp = {Fri, 09 Sep 2016 17:23:24 +0200},
  biburl    = {http://dblp.org/rec/bib/journals/pvldb/IosupHNHPMCCSAT16},
  bibsource = {dblp computer science bibliography, http://dblp.org}
}

@article{DBLP:journals/corr/abs-2011-15028,
  author    = {Alexandru Iosup and
               Ahmed Musaafir and
               Alexandru Uta and
               Arnau Prat{-}P{\'{e}}rez and
               G{\'{a}}bor Sz{\'{a}}rnyas and
               Hassan Chafi and
               Ilie Gabriel Tanase and
               Lifeng Nai and
               Michael J. Anderson and
               Mihai Capota and
               Narayanan Sundaram and
               Peter A. Boncz and
               Siegfried Depner and
               Stijn Heldens and
               Thomas Manhardt and
               Tim Hegeman and
               Wing Lung Ngai and
               Yinglong Xia},
  title     = {The {LDBC} Graphalytics Benchmark},
  journal   = {CoRR},
  volume    = {abs/2011.15028},
  year      = {2020},
  url       = {https://arxiv.org/abs/2011.15028},
  archivePrefix = {arXiv},
  eprint    = {2011.15028},
  timestamp = {Tue, 01 Dec 2020 14:59:59 +0100},
  biburl    = {https://dblp.org/rec/journals/corr/abs-2011-15028.bib},
  bibsource = {dblp computer science bibliography, https://dblp.org}
}
