@inproceedings{DBLP:conf/sigmod/MhedhbiLKWS21,
  author    = {Amine Mhedhbi and
               Matteo Lissandrini and
               Laurens Kuiper and
               Jack Waudby and
               G{\'{a}}bor Sz{\'{a}}rnyas},
  title     = {{LSQB:} {A} large-scale subgraph query benchmark},
  booktitle = {{GRADES-NDA} at {SIGMOD}},
  pages     = {8:1--8:11},
  publisher = {{ACM}},
  year      = {2021},
  url       = {https://doi.org/10.1145/3461837.3464516},
  doi       = {10.1145/3461837.3464516},
  timestamp = {Thu, 23 Jun 2022 19:55:38 +0200},
  biburl    = {https://dblp.org/rec/conf/sigmod/MhedhbiLKWS21.bib},
  bibsource = {dblp computer science bibliography, https://dblp.org}
}
