@article{facebook_anatomy,
    author    = {Johan Ugander and
        Brian Karrer and
            Lars Backstrom and
            Cameron Marlow},
    title     = {The Anatomy of the {Facebook} Social Graph},
    journal   = {CoRR},
    volume    = {abs/1111.4503},
    year      = {2011},
    ee        = {http://arxiv.org/abs/1111.4503},
    bibsource = {DBLP, http://dblp.uni-trier.de}
}


@ONLINE{test_driver,
    author = {Alex Averbuch},
    title = {https://github.com/ldbc/ldbc\_driver},
    month = jun,
    year = {2014},
    url = {https://github.com/ldbc/ldbc\_driver}
}

@article{mcpherson2001birds,
  title={Birds of a feather: Homophily in social networks},
  author={McPherson, M. and Smith-Lovin, L. and Cook, J. M.},
  journal={Annual Review of Sociology},
  pages={415--444},
  year={2001},
  publisher={JSTOR}
}

@article{DBLP:journals/socnet/BaroneC18,
  author    = {Mauro Barone and
               Michele Coscia},
  title     = {Birds of a feather scam together: Trustworthiness homophily in a business
               network},
  journal   = {Social Networks},
  volume    = {54},
  pages     = {228--237},
  year      = {2018},
  url       = {https://doi.org/10.1016/j.socnet.2018.01.009},
  doi       = {10.1016/j.socnet.2018.01.009},
  timestamp = {Tue, 15 May 2018 15:36:00 +0200},
  biburl    = {https://dblp.org/rec/bib/journals/socnet/BaroneC18},
  bibsource = {dblp computer science bibliography, https://dblp.org}
}

@inproceedings{DBLP:conf/vldb/Moerkotte98,
  author    = {Guido Moerkotte},
  title     = {Small Materialized Aggregates: {A} Light Weight Index Structure for
               Data Warehousing},
  booktitle = {{PVLDB}},
  pages     = {476--487},
  year      = {1998},
  url       = {http://www.vldb.org/conf/1998/p476.pdf},
  timestamp = {Wed, 29 Mar 2017 16:45:24 +0200},
  biburl    = {http://dblp.uni-trier.de/rec/bib/conf/vldb/Moerkotte98},
  bibsource = {dblp computer science bibliography, http://dblp.org}
}

@inproceedings{DBLP:conf/semweb/SpasicJP16,
	author    = {Mirko Spasic and
	Milos Jovanovik and
	Arnau Prat{-}P{\'{e}}rez},
	title     = {An {RDF} Dataset Generator for the {S}ocial {N}etwork {B}enchmark with Real-World
	Coherence},
	booktitle = {{BLINK} at {ISWC}},
	year      = {2016},
	url       = {http://ceur-ws.org/Vol-1700/paper-02.pdf},
	timestamp = {Mon, 10 Oct 2016 15:42:52 +0200},
	biburl    = {http://dblp.uni-trier.de/rec/bib/conf/semweb/SpasicJP16},
	bibsource = {dblp computer science bibliography, http://dblp.org}
}

@article{DBLP:journals/sigmod/AnglesBLF0ENMKT14,
	author    = {Renzo Angles and
	Peter A. Boncz and
	Josep{-}Lluis Larriba{-}Pey and
	Irini Fundulaki and
	Thomas Neumann and
	Orri Erling and
	Peter Neubauer and
	Norbert Mart{\'{\i}}nez{-}Bazan and
	Venelin Kotsev and
	Ioan Toma},
	title     = {The {L}inked {D}ata {B}enchmark {C}ouncil: a graph and {RDF} industry benchmarking
	effort},
	journal   = {{SIGMOD} Record},
	volume    = {43},
	number    = {1},
	pages     = {27--31},
	year      = {2014},
	url       = {http://doi.acm.org/10.1145/2627692.2627697},
	doi       = {10.1145/2627692.2627697},
	timestamp = {Wed, 04 Jun 2014 21:15:24 +0200},
	biburl    = {http://dblp.uni-trier.de/rec/bib/journals/sigmod/AnglesBLF0ENMKT14},
	bibsource = {dblp computer science bibliography, http://dblp.org}
}

@inproceedings{DBLP:conf/btw/NeumannM09,
	author    = {Thomas Neumann and
	Guido Moerkotte},
	title     = {A Framework for Reasoning about Share Equivalence and Its Integration
	into a Plan Generator},
	booktitle = {{BTW}},
	pages     = {7--26},
	year      = {2009},
	url       = {http://subs.emis.de/LNI/Proceedings/Proceedings144/article5220.html},
	timestamp = {Wed, 19 Dec 2012 08:25:32 +0100},
	biburl    = {http://dblp.uni-trier.de/rec/bib/conf/btw/NeumannM09},
	bibsource = {dblp computer science bibliography, http://dblp.org}
}

@article{DBLP:journals/csur/Graefe93,
	author    = {Goetz Graefe},
	title     = {Query Evaluation Techniques for Large Databases},
	journal   = {{ACM} Comput. Surv.},
	volume    = {25},
	number    = {2},
	pages     = {73--170},
	year      = {1993},
	url       = {http://doi.acm.org/10.1145/152610.152611},
	doi       = {10.1145/152610.152611},
	timestamp = {Wed, 29 Mar 2017 16:45:28 +0200},
	biburl    = {http://dblp.uni-trier.de/rec/bib/journals/csur/Graefe93},
	bibsource = {dblp computer science bibliography, http://dblp.org}
}

@inproceedings{DBLP:conf/tpctc/PhamBE12,
	author    = {Minh{-}Duc Pham and
	Peter A. Boncz and
	Orri Erling},
	title     = {{S3G2:} {A} Scalable Structure-Correlated Social Graph Generator},
	booktitle = {Selected Topics in Performance Evaluation and Benchmarking - 4th {TPC}
	Technology Conference, {TPCTC} 2012, Istanbul, Turkey, August 27,
	2012, Revised Selected Papers},
	pages     = {156--172},
	year      = {2012},
	url       = {https://doi.org/10.1007/978-3-642-36727-4_11},
	doi       = {10.1007/978-3-642-36727-4_11},
	timestamp = {Tue, 23 May 2017 01:12:14 +0200},
	biburl    = {http://dblp.uni-trier.de/rec/bib/conf/tpctc/PhamBE12},
	bibsource = {dblp computer science bibliography, http://dblp.org}
}

@article{DBLP:journals/sosym/SzarnyasIRV18,
  author    = {G{\'{a}}bor Sz{\'{a}}rnyas and
               Benedek Izs{\'{o}} and
               Istv{\'{a}}n R{\'{a}}th and
               D{\'{a}}niel Varr{\'{o}}},
  title     = {The {Train Benchmark}: {Cross}-technology performance evaluation of continuous model queries},
  journal   = {Softw. Syst. Model.},
  publisher = {Springer},
  volume    = {17},
  number    = {4},
  pages     = {1365--1393},
  year      = {2018},
  url       = {https://doi.org/10.1007/s10270-016-0571-8},
  doi       = {10.1007/s10270-016-0571-8},
  timestamp = {Fri, 07 Sep 2018 14:25:47 +0200},
  biburl    = {https://dblp.org/rec/bib/journals/sosym/SzarnyasIRV18},
  bibsource = {dblp computer science bibliography, https://dblp.org}
}

@techreport{LdbcDeliverable,
	author = {Alex Averbuch and Arnau Prat{-}P{\'{e}}rez},
	title = {Benchmark design for navigational pattern matching benchmarking},
	institution = {Linked Data Benchmark Council},
	note = {\url{http://ldbcouncil.org/sites/default/files/LDBC_D3.3.34.pdf}},
	year = {2014}
}

@article{DBLP:journals/csur/AnglesABHRV17,
  author    = {Renzo Angles and
               Marcelo Arenas and
               Pablo Barcel{\'{o}} and
               Aidan Hogan and
               Juan L. Reutter and
               Domagoj Vrgoc},
  title     = {Foundations of Modern Query Languages for Graph Databases},
  journal   = {{ACM} Comput. Surv.},
  volume    = {50},
  number    = {5},
  pages     = {68:1--68:40},
  year      = {2017},
  url       = {http://doi.acm.org/10.1145/3104031},
  doi       = {10.1145/3104031},
  timestamp = {Mon, 27 Nov 2017 18:06:03 +0100},
  biburl    = {https://dblp.org/rec/bib/journals/csur/AnglesABHRV17},
  bibsource = {dblp computer science bibliography, https://dblp.org}
}

@article{DBLP:journals/fuin/HabelHT96,
  author    = {Annegret Habel and
               Reiko Heckel and
               Gabriele Taentzer},
  title     = {Graph Grammars with Negative Application Conditions},
  journal   = {Fundam. Inform.},
  volume    = {26},
  number    = {3/4},
  pages     = {287--313},
  year      = {1996},
  url       = {https://doi.org/10.3233/FI-1996-263404},
  doi       = {10.3233/FI-1996-263404},
  timestamp = {Sat, 20 May 2017 00:23:06 +0200},
  biburl    = {https://dblp.org/rec/bib/journals/fuin/HabelHT96},
  bibsource = {dblp computer science bibliography, https://dblp.org}
}

@article{DBLP:journals/ase/DayarathnaS14,
  author    = {Miyuru Dayarathna and
               Toyotaro Suzumura},
  title     = {Graph database benchmarking on cloud environments with {XGDBench}},
  journal   = {Autom. Softw. Eng.},
  volume    = {21},
  number    = {4},
  pages     = {509--533},
  year      = {2014},
  url       = {https://doi.org/10.1007/s10515-013-0138-7},
  doi       = {10.1007/s10515-013-0138-7},
  timestamp = {Thu, 18 May 2017 09:53:07 +0200},
  biburl    = {https://dblp.org/rec/bib/journals/ase/DayarathnaS14},
  bibsource = {dblp computer science bibliography, https://dblp.org}
}

@article{DBLP:journals/sp/BeamerAP13,
  author    = {Scott Beamer and
               Krste Asanovic and
               David A. Patterson},
  title     = {Direction-optimizing breadth-first search},
  journal   = {Scientific Programming},
  volume    = {21},
  number    = {3-4},
  pages     = {137--148},
  year      = {2013},
  url       = {https://doi.org/10.3233/SPR-130370},
  doi       = {10.3233/SPR-130370},
  timestamp = {Sun, 28 May 2017 13:22:10 +0200},
  biburl    = {https://dblp.org/rec/bib/journals/sp/BeamerAP13},
  bibsource = {dblp computer science bibliography, https://dblp.org}
}

@inproceedings{DBLP:conf/sigmod/PratD14,
  author    = {Arnau Prat{-}P{\'{e}}rez and
               David Dom{\'{\i}}nguez{-}Sal},
  title     = {How community-like is the structure of synthetically generated graphs?},
  booktitle = {{GRADES} at {SIGMOD}},
  xxbooktitle = {Second International Workshop on Graph Data Management Experiences
               and Systems, {GRADES} 2014, co-loated with {SIGMOD/PODS} 2014, Snowbird,
               Utah, USA, June 22, 2014},
  pages     = {7:1--7:9},
  year      = {2014},
  url       = {http://doi.acm.org/10.1145/2621934.2621942},
  doi       = {10.1145/2621934.2621942},
  timestamp = {Tue, 09 May 2017 12:33:26 +0200},
  biburl    = {https://dblp.org/rec/bib/conf/sigmod/PratD14},
  bibsource = {dblp computer science bibliography, https://dblp.org}
}

@inproceedings{DBLP:conf/vldb/PalpanasSCP02,
	author    = {Themistoklis Palpanas and others},
	xxauthor    = {Themistoklis Palpanas and
	Richard Sidle and
	Roberta Cochrane and
	Hamid Pirahesh},
	title     = {Incremental Maintenance for Non-Distributive Aggregate
	Functions},
	xxbooktitle = {{VLDB} 2002, Proceedings of 28th International Conference on
	Very
	Large Data Bases, August 20-23, 2002, Hong Kong, China},
	booktitle = {{VLDB}},
	pages     = {802--813},
	xxpublisher = {Morgan Kaufmann},
	year      = {2002},
	xxurl       = {http://www.vldb.org/conf/2002/S22P04.pdf},
	timestamp = {Mon, 17 Sep 2012 22:01:48 +0200},
	biburl    = {http://dblp.org/rec/bib/conf/vldb/PalpanasSCP02},
	bibsource = {dblp computer science bibliography, http://dblp.org}
}

@article{DBLP:journals/datamine/GrayCBLRVPP97,
	author    = {Jim Gray and others},
	xxauthor    = {Jim Gray and
	Surajit Chaudhuri and
	Adam Bosworth and
	Andrew Layman and
	Don Reichart and
	Murali Venkatrao and
	Frank Pellow and
	Hamid Pirahesh},
	title     = {Data Cube: {A} Relational Aggregation Operator Generalizing
	Group-by,
	Cross-Tab, and Sub Totals},
	journal   = {Data Min. Knowl. Discov.},
	volume    = {1},
	number    = {1},
	pages     = {29--53},
	year      = {1997},
	xxurl       = {https://doi.org/10.1023/A:1009726021843},
	doi       = {10.1023/A:1009726021843},
	timestamp = {Mon, 06 Nov 2017 16:35:12 +0100},
	biburl    = {http://dblp.org/rec/bib/journals/datamine/GrayCBLRVPP97},
	bibsource = {dblp computer science bibliography, http://dblp.org}
}

@article{TrainBenchmark2017,
  author="Sz{\'a}rnyas, G{\'a}bor
  and Izs{\'o}, Benedek
  and R{\'a}th, Istv{\'a}n
  and Varr{\'o}, D{\'a}niel",
  title="The {T}rain {B}enchmark: cross-technology performance evaluation of
  continuous model queries",
  journal="Softw. Syst. Model.",
  year="2017",
  issn="1619-1374",
  doi="10.1007/s10270-016-0571-8",
  url="http://dx.doi.org/10.1007/s10270-016-0571-8"
}

@incollection{Wisconsin,
	author    = {David J. DeWitt},
	title     = {The {W}isconsin {B}enchmark: Past, Present, and Future},
	booktitle = {The Benchmark Handbook},
	pages     = {119--165},
	year      = {1991},
	timestamp = {Thu, 03 Jan 2002 11:51:32 +0100},
	biburl    = {http://dblp.uni-trier.de/rec/bib/books/mk/gray91/DeWitt91},
	bibsource = {dblp computer science bibliography, http://dblp.org}
}

@inproceedings{DBLP:conf/vldb/BittonDT83,
  author    = {Dina Bitton and
               David J. DeWitt and
               Carolyn Turbyfill},
  title     = {Benchmarking Database Systems {A} Systematic Approach},
  booktitle = {{VLDB}},
  xxbooktitle = {9th International Conference on Very Large Data Bases, October 31
               - November 2, 1983, Florence, Italy, Proceedings},
  pages     = {8--19},
  year      = {1983},
  url       = {http://www.vldb.org/conf/1983/P008.PDF},
  timestamp = {Wed, 29 Mar 2017 16:45:23 +0200},
  biburl    = {http://dblp.org/rec/bib/conf/vldb/BittonDT83},
  bibsource = {dblp computer science bibliography, http://dblp.org}
}


@article{BSBM,
	author = {Christian Bizer and Andreas Schultz},
	title = {The {B}erlin {SPARQL} Benchmark},
	volume = 5,
	number = 2,
	journal = {International Journal on Semantic Web \& Information Systems},
	year = {2009}
}

@inproceedings{SP2Bench,
	author = {Michael Schmidt and Thomas Hornung and Georg Lausen and Christoph Pinkel},
	title = {{SP2Bench}: A {SPARQL} Performance Benchmark},
	booktitle = {International Conference on Data Engineering},
	pages = {222--233},
	year = {2009},
	publisher = {IEEE}
}

@inproceedings{DBpedia,
	author = {Morsey, Mohamed and Lehmann, Jens and Auer, S\"{o}ren and Ngomo, Axel-Cyrille Ngonga},
	title = {{DBpedia} {SPARQL} benchmark: Performance Assessment with Real Queries on Real Data},
	booktitle = {International Semantic Web Conference},
	year = {2011},
	isbn = {978-3-642-25072-9},
	pages = {454--469},
	numpages = {16},
	url = {http://dl.acm.org/citation.cfm?id=2063016.2063046},
	acmid = {2063046},
	publisher = {Springer},
}

@article{LUBM,
	author = {Yuanbo Guo and Zhengxiang Pan and Jeff Heflin},
	title = {{LUBM}: A Benchmark for {OWL} Knowledge Base Systems},
	volume = 3,
	number = 2,
	pages = {158--182},
	journal = {Journal of Web Semantics},
	year = {2005}
}

@misc{TPCC,
	author = {{Transaction Processing Performance Council (TPC)}},
	title = {{TPC-C Benchmark}},
	year = 2010
}

@incollection{Wisconsin,
	author    = {David J. DeWitt},
	title     = {The {W}isconsin {B}enchmark: Past, Present, and Future},
	booktitle = {The Benchmark Handbook},
	pages     = {119--165},
	year      = {1991},
	timestamp = {Thu, 03 Jan 2002 11:51:32 +0100},
	biburl    = {http://dblp.uni-trier.de/rec/bib/books/mk/gray91/DeWitt91},
	bibsource = {dblp computer science bibliography, http://dblp.org}
}

@article{gMark,
  author    = {Guillaume Bagan and
               Angela Bonifati and
               Radu Ciucanu and
               George H. L. Fletcher and
               Aur{\'{e}}lien Lemay and
               Nicky Advokaat},
  title     = {gMark: Schema-Driven Generation of Graphs and Queries},
  journal   = {{IEEE} Trans. Knowl. Data Eng.},
  volume    = {29},
  number    = {4},
  pages     = {856--869},
  year      = {2017},
  url       = {https://doi.org/10.1109/TKDE.2016.2633993},
  doi       = {10.1109/TKDE.2016.2633993},
  timestamp = {Sat, 20 May 2017 00:24:24 +0200},
  biburl    = {http://dblp.org/rec/bib/journals/tkde/BaganBCFLA17},
  bibsource = {dblp computer science bibliography, http://dblp.org}
}

@inproceedings{DBLP:conf/semweb/AlucHOD14,
  author    = {G{\"{u}}nes Alu{\c{c}} and
               Olaf Hartig and
               M. Tamer {\"{O}}zsu and
               Khuzaima Daudjee},
  title     = {Diversified Stress Testing of {RDF} Data Management Systems},
  booktitle = {{ISWC}},
  pages     = {197--212},
  year      = {2014},
  url       = {https://doi.org/10.1007/978-3-319-11964-9_13},
  doi       = {10.1007/978-3-319-11964-9_13},
  timestamp = {Thu, 09 Nov 2017 08:52:37 +0100},
  biburl    = {http://dblp.org/rec/bib/conf/semweb/AlucHOD14},
  bibsource = {dblp computer science bibliography, http://dblp.org}
}

@article{DBLP:journals/cacm/FlemingW86,
  author    = {Philip J. Fleming and
               John J. Wallace},
  title     = {How Not To Lie With Statistics: The Correct Way To Summarize Benchmark
               Results},
  journal   = {Commun. {ACM}},
  volume    = {29},
  number    = {3},
  pages     = {218--221},
  year      = {1986},
  url       = {http://doi.acm.org/10.1145/5666.5673},
  doi       = {10.1145/5666.5673},
  timestamp = {Tue, 07 Jun 2011 16:51:45 +0200},
  biburl    = {http://dblp.org/rec/bib/journals/cacm/FlemingW86},
  bibsource = {dblp computer science bibliography, http://dblp.org}
}

@inproceedings{DBLP:conf/sigmod/FrancisGGLLMPRS18,
  author    = {Nadime Francis and
               Alastair Green and
               Paolo Guagliardo and
               Leonid Libkin and
               Tobias Lindaaker and
               Victor Marsault and
               Stefan Plantikow and
               Mats Rydberg and
               Petra Selmer and
               Andr{\'{e}}s Taylor},
  title     = {Cypher: An Evolving Query Language for Property Graphs},
  booktitle = {{SIGMOD}},
  pages     = {1433--1445},
  publisher = {{ACM}},
  year      = {2018},
  url       = {http://doi.acm.org/10.1145/3183713.3190657},
  doi       = {10.1145/3183713.3190657},
  timestamp = {Sun, 27 May 2018 19:31:52 +0200},
  biburl    = {https://dblp.org/rec/bib/conf/sigmod/FrancisGGLLMPRS18},
  bibsource = {dblp computer science bibliography, https://dblp.org}
}

@inproceedings{DBLP:conf/cikm/SakrEH12,
  author    = {Sherif Sakr and
               Sameh Elnikety and
               Yuxiong He},
  title     = {{G-SPARQL:} a hybrid engine for querying large attributed graphs},
  xxbooktitle = {21st {ACM} International Conference on Information and Knowledge Management,
               CIKM'12, Maui, HI, USA, October 29 - November 02, 2012},
  booktitle = {{CIKM}},
  pages     = {335--344},
  year      = {2012},
  url       = {http://doi.acm.org/10.1145/2396761.2396806},
  doi       = {10.1145/2396761.2396806},
  timestamp = {Thu, 15 Jun 2017 21:34:57 +0200},
  biburl    = {http://dblp.org/rec/bib/conf/cikm/SakrEH12},
  bibsource = {dblp computer science bibliography, http://dblp.org}
}

@inproceedings{DBLP:conf/tpctc/BonczNE13,
  author    = {Peter A. Boncz and
               Thomas Neumann and
               Orri Erling},
  title     = {{TPC-H} Analyzed: Hidden Messages and Lessons Learned from an Influential
               Benchmark},
  xxbooktitle = {Performance Characterization and Benchmarking - 5th {TPC} Technology
               Conference, {TPCTC} 2013, Trento, Italy, August 26, 2013, Revised
               Selected Papers},
  booktitle = {{TPCTC}},
  pages     = {61--76},
  year      = {2013},
  url       = {https://doi.org/10.1007/978-3-319-04936-6_5},
  doi       = {10.1007/978-3-319-04936-6_5},
  timestamp = {Tue, 23 May 2017 01:12:14 +0200},
  biburl    = {https://dblp.org/rec/bib/conf/tpctc/BonczNE13},
  bibsource = {dblp computer science bibliography, https://dblp.org}
}

@article{DBLP:journals/tods/PerezAG09,
	xxauthor    = {Jorge P{\'{e}}rez and
	Marcelo Arenas and
	Claudio Gutierrez},
	author    = {Jorge P{\'{e}}rez and others},
	title     = {Semantics and complexity of {SPARQL}},
	xxjournal   = {{ACM} Trans. Database Syst.},
	journal   = {{ACM} Trans. Database Syst.},
	volume    = {34},
	number    = {3},
	year      = {2009},
	url       = {http://doi.acm.org/10.1145/1567274.1567278},
	doi       = {10.1145/1567274.1567278},
	timestamp = {Tue, 05 Mar 2013 07:41:58 +0100},
	biburl    = {http://dblp.uni-trier.de/rec/bib/journals/tods/PerezAG09},
	bibsource = {dblp computer science bibliography, http://dblp.org}
}

@book{Gray:BenchmarkBook,
  editor    = {Jim Gray},
  title     = {The Benchmark Handbook for Database and Transaction Systems},
  publisher = {Morgan Kaufmann},
  year      = {1993},
  isbn      = {1-55860-292-5},
  timestamp = {Thu, 03 Jan 2002 11:51:33 +0100},
  edition = {2nd},
  biburl    = {http://dblp.uni-trier.de/rec/bib/books/mk/Gray93},
  bibsource = {dblp computer science bibliography, http://dblp.org}
}

@inproceedings{DBLP:conf/tpctc/Huppler09,
  author    = {Karl Huppler},
  title     = {The Art of Building a Good Benchmark},
  xxbooktitle = {Performance Evaluation and Benchmarking, First {TPC} Technology Conference,
               {TPCTC} 2009, Lyon, France, August 24-28, 2009, Revised Selected Papers},
  booktitle = {{TPCTC}},
  pages     = {18--30},
  year      = {2009},
  url       = {https://doi.org/10.1007/978-3-642-10424-4_3},
  doi       = {10.1007/978-3-642-10424-4_3},
  timestamp = {Tue, 23 May 2017 01:12:14 +0200},
  biburl    = {https://dblp.org/rec/bib/conf/tpctc/Huppler09},
  bibsource = {dblp computer science bibliography, https://dblp.org}
}

@inproceedings{DBLP:conf/cloud/PoessRJ17,
  author    = {Meikel P{\"{o}}ss and
               Tilmann Rabl and
               Hans{-}Arno Jacobsen},
  title     = {Analysis of {TPC-DS:} the first standard benchmark for SQL-based big
               data systems},
  xxbooktitle = {Proceedings of the 2017 Symposium on Cloud Computing, SoCC 2017, Santa
               Clara, CA, USA, September 24 - 27, 2017},
  booktitle = {{SoCC}},
  pages     = {573--585},
  year      = {2017},
  url       = {http://doi.acm.org/10.1145/3127479.3128603},
  doi       = {10.1145/3127479.3128603},
  timestamp = {Fri, 29 Sep 2017 11:29:02 +0200},
  biburl    = {https://dblp.org/rec/bib/conf/cloud/PoessRJ17},
  bibsource = {dblp computer science bibliography, https://dblp.org}
}

@inproceedings{DBLP:conf/vldb/OthayothP06,
  author    = {Raghunath Othayoth Nambiar and
               Meikel P{\"{o}}ss},
  title     = {The Making of {TPC-DS}},
  xxbooktitle = {Proceedings of the 32nd International Conference on Very Large Data
               Bases, Seoul, Korea, September 12-15, 2006},
  booktitle = {{VLDB}},
  pages     = {1049--1058},
  year      = {2006},
  url       = {http://dl.acm.org/citation.cfm?id=1164217},
  timestamp = {Thu, 30 Apr 2015 18:34:40 +0200},
  biburl    = {https://dblp.org/rec/bib/conf/vldb/OthayothP06},
  bibsource = {dblp computer science bibliography, https://dblp.org}
}

@article{DBLP:journals/sigmod/PoessF00,
  author    = {Meikel P{\"{o}}ss and
               Chris Floyd},
  title     = {New {TPC} Benchmarks for Decision Support and Web Commerce},
  journal   = {{SIGMOD} Record},
  volume    = {29},
  number    = {4},
  pages     = {64--71},
  year      = {2000},
  url       = {http://doi.acm.org/10.1145/369275.369291},
  doi       = {10.1145/369275.369291},
  timestamp = {Wed, 19 Sep 2012 09:16:25 +0200},
  biburl    = {https://dblp.org/rec/bib/journals/sigmod/PoessF00},
  bibsource = {dblp computer science bibliography, https://dblp.org}
}

@inproceedings{DBLP:conf/cidr/BarahmandG13,
  author    = {Sumita Barahmand and
               Shahram Ghandeharizadeh},
  title     = {{BG:} {A} Benchmark to Evaluate Interactive Social Networking Actions},
  xxbooktitle = {{CIDR} 2013, Sixth Biennial Conference on Innovative Data Systems
               Research, Asilomar, CA, USA, January 6-9, 2013, Online Proceedings},
  booktitle = {{CIDR}},
  year      = {2013},
  url       = {http://cidrdb.org/cidr2013/Papers/CIDR13_Paper93.pdf},
  timestamp = {Thu, 29 Jun 2017 19:21:39 +0200},
  biburl    = {https://dblp.org/rec/bib/conf/cidr/BarahmandG13},
  bibsource = {dblp computer science bibliography, https://dblp.org}
}

@inproceedings{DBLP:conf/sigmod/ArmstrongPBC13,
  author    = {Timothy G. Armstrong and
               Vamsi Ponnekanti and
               Dhruba Borthakur and
               Mark Callaghan},
  title     = {{LinkBench}: a database benchmark based on the Facebook social graph},
  xxbooktitle = {Proceedings of the {ACM} {SIGMOD} International Conference on Management
               of Data, {SIGMOD} 2013, New York, NY, USA, June 22-27, 2013},
  booktitle = {{SIGMOD}},
  pages     = {1185--1196},
  year      = {2013},
  url       = {http://doi.acm.org/10.1145/2463676.2465296},
  doi       = {10.1145/2463676.2465296},
  timestamp = {Wed, 26 Jun 2013 09:37:17 +0200},
  biburl    = {https://dblp.org/rec/bib/conf/sigmod/ArmstrongPBC13},
  bibsource = {dblp computer science bibliography, https://dblp.org}
}

@inproceedings{DBLP:conf/semweb/MorseyLAN11,
  author    = {Mohamed Morsey and
               Jens Lehmann and
               S{\"{o}}ren Auer and
               Axel{-}Cyrille Ngonga Ngomo},
  title     = {{DBpedia} {SPARQL} Benchmark - Performance Assessment with Real Queries on Real Data},
  xxbooktitle = {The Semantic Web - {ISWC} 2011 - 10th International Semantic Web Conference,
               Bonn, Germany, October 23-27, 2011, Proceedings, Part {I}},
  booktitle = {{ISWC}},
  pages     = {454--469},
  year      = {2011},
  url       = {https://doi.org/10.1007/978-3-642-25073-6_29},
  doi       = {10.1007/978-3-642-25073-6_29},
  timestamp = {Mon, 05 Jun 2017 12:38:37 +0200},
  biburl    = {https://dblp.org/rec/bib/conf/semweb/MorseyLAN11},
  bibsource = {dblp computer science bibliography, https://dblp.org}
}

@article{DBLP:journals/ws/GuoPH05,
  author    = {Yuanbo Guo and
               Zhengxiang Pan and
               Jeff Heflin},
  title     = {{LUBM:} {A} benchmark for {OWL} knowledge base systems},
  journal   = {J. Web Sem.},
  volume    = {3},
  number    = {2-3},
  pages     = {158--182},
  year      = {2005},
  url       = {https://doi.org/10.1016/j.websem.2005.06.005},
  doi       = {10.1016/j.websem.2005.06.005},
  timestamp = {Fri, 26 May 2017 22:50:46 +0200},
  biburl    = {https://dblp.org/rec/bib/journals/ws/GuoPH05},
  bibsource = {dblp computer science bibliography, https://dblp.org}
}

@incollection{DBLP:books/sp/virgilio09/SchmidtHMPL09,
  author    = {Michael Schmidt and
               Thomas Hornung and
               Michael Meier and
               Christoph Pinkel and
               Georg Lausen},
  title     = {{SP}\({}^{\mbox{2}}\){B}ench: {A} {SPARQL} Performance Benchmark},
  booktitle = {Semantic Web Information Management - {A} Model-Based Perspective},
  pages     = {371--393},
  publisher = {Springer},
  year      = {2009},
  url       = {https://doi.org/10.1007/978-3-642-04329-1_16},
  doi       = {10.1007/978-3-642-04329-1_16},
  timestamp = {Sun, 31 Dec 2017 00:23:44 +0100},
  biburl    = {https://dblp.org/rec/bib/books/sp/virgilio09/SchmidtHMPL09},
  bibsource = {dblp computer science bibliography, https://dblp.org}
}

@article{DBLP:journals/ijswis/BizerS09,
  author    = {Christian Bizer and
               Andreas Schultz},
  title     = {The Berlin {SPARQL} Benchmark},
  journal   = {Int. J. Semantic Web Inf. Syst.},
  volume    = {5},
  number    = {2},
  pages     = {1--24},
  year      = {2009},
  url       = {https://doi.org/10.4018/jswis.2009040101},
  doi       = {10.4018/jswis.2009040101},
  timestamp = {Sat, 20 May 2017 00:24:06 +0200},
  biburl    = {https://dblp.org/rec/bib/journals/ijswis/BizerS09},
  bibsource = {dblp computer science bibliography, https://dblp.org}
}

@inproceedings{DBLP:conf/sc/NaiXTKL15,
  author    = {Lifeng Nai and
               Yinglong Xia and
               Ilie Gabriel Tanase and
               Hyesoon Kim and
               Ching{-}Yung Lin},
  title     = {{GraphBIG}: understanding graph computing in the context of industrial
               solutions},
  xxbooktitle = {Proceedings of the International Conference for High Performance Computing,
               Networking, Storage and Analysis, {SC} 2015, Austin, TX, USA, November
               15-20, 2015},
  booktitle = {{SC}},
  pages     = {69:1--69:12},
  year      = {2015},
  url       = {http://doi.acm.org/10.1145/2807591.2807626},
  doi       = {10.1145/2807591.2807626},
  timestamp = {Tue, 03 Nov 2015 13:08:57 +0100},
  biburl    = {https://dblp.org/rec/bib/conf/sc/NaiXTKL15},
  bibsource = {dblp computer science bibliography, https://dblp.org}
}

@inproceedings{DBLP:conf/bigdataconf/ElserM13,
  author    = {Benedikt Elser and
               Alberto Montresor},
  title     = {An evaluation study of {BigData} frameworks for graph processing},
  xxbooktitle = {Proceedings of the 2013 {IEEE} International Conference on Big Data,
               6-9 October 2013, Santa Clara, CA, {USA}},
  booktitle = {{Big Data}},
  pages     = {60--67},
  year      = {2013},
  url       = {https://doi.org/10.1109/BigData.2013.6691555},
  doi       = {10.1109/BigData.2013.6691555},
  timestamp = {Thu, 01 Jun 2017 18:59:55 +0200},
  biburl    = {https://dblp.org/rec/bib/conf/bigdataconf/ElserM13},
  bibsource = {dblp computer science bibliography, https://dblp.org}
}

@inproceedings{DBLP:conf/hipc/BaderM05,
  author    = {David A. Bader and
               Kamesh Madduri},
  title     = {Design and Implementation of the {HPCS} Graph Analysis Benchmark on
               Symmetric Multiprocessors},
  xxbooktitle = {High Performance Computing - HiPC 2005, 12th International Conference,
               Goa, India, December 18-21, 2005, Proceedings},
  booktitle = {{HiPC}},
  pages     = {465--476},
  year      = {2005},
  url       = {https://doi.org/10.1007/11602569_48},
  doi       = {10.1007/11602569_48},
  timestamp = {Tue, 30 May 2017 16:36:52 +0200},
  biburl    = {https://dblp.org/rec/bib/conf/hipc/BaderM05},
  bibsource = {dblp computer science bibliography, https://dblp.org}
}

@article{DBLP:journals/debu/ShaoLWX17,
  author    = {Bin Shao and
               Yatao Li and
               Haixun Wang and
               Huanhuan Xia},
  title     = {Trinity Graph Engine and its Applications},
  journal   = {{IEEE} Data Eng. Bull.},
  volume    = {40},
  number    = {3},
  pages     = {18--29},
  year      = {2017},
  url       = {http://sites.computer.org/debull/A17sept/p18.pdf},
  timestamp = {Mon, 04 Dec 2017 11:55:53 +0100},
  biburl    = {https://dblp.org/rec/bib/journals/debu/ShaoLWX17},
  bibsource = {dblp computer science bibliography, https://dblp.org}
}

@inproceedings{DBLP:conf/grades/RestHKMC16,
  author    = {Oskar van Rest and
               Sungpack Hong and
               Jinha Kim and
               Xuming Meng and
               Hassan Chafi},
  title     = {{PGQL:} a property graph query language},
  xxbooktitle = {Proceedings of the Fourth International Workshop on Graph Data Management
               Experiences and Systems, Redwood Shores, CA, USA, June 24 - 24, 2016},
  booktitle = {{GRADES} at {SIGMOD}},
  xxpages     = {7},
  year      = {2016},
  url       = {http://doi.acm.org/10.1145/2960414.2960421},
  doi       = {10.1145/2960414.2960421},
  timestamp = {Tue, 09 May 2017 12:33:26 +0200},
  biburl    = {https://dblp.org/rec/bib/conf/grades/RestHKMC16},
  bibsource = {dblp computer science bibliography, https://dblp.org}
}

@article{DBLP:journals/vldb/YildirimCZ12,
  author    = {Hilmi Yildirim and
               Vineet Chaoji and
               Mohammed J. Zaki},
  title     = {{GRAIL:} a scalable index for reachability queries in very large graphs},
  journal   = {{VLDB} J.},
  volume    = {21},
  number    = {4},
  pages     = {509--534},
  year      = {2012},
  url       = {https://doi.org/10.1007/s00778-011-0256-4},
  doi       = {10.1007/s00778-011-0256-4},
  timestamp = {Fri, 09 Jun 2017 11:02:40 +0200},
  biburl    = {https://dblp.org/rec/bib/journals/vldb/YildirimCZ12},
  bibsource = {dblp computer science bibliography, https://dblp.org}
}

@inproceedings{DBLP:conf/vldb/DonjerkovicR99,
  author    = {Donko Donjerkovic and
               Raghu Ramakrishnan},
  title     = {Probabilistic Optimization of Top {N} Queries},
  xxbooktitle = {VLDB'99, Proceedings of 25th International Conference on Very Large
               Data Bases, September 7-10, 1999, Edinburgh, Scotland, {UK}},
  booktitle = {{VLDB}},
  pages     = {411--422},
  year      = {1999},
  url       = {http://www.vldb.org/conf/1999/P40.pdf},
  timestamp = {Wed, 29 Mar 2017 16:45:24 +0200},
  biburl    = {https://dblp.org/rec/bib/conf/vldb/DonjerkovicR99},
  bibsource = {dblp computer science bibliography, https://dblp.org}
}

@Book{PostgreSQL,
	author = 	 {Bruce Momjian},
	title = 	 {{P}ostgre{SQL}: Introduction and Concepts},
	publisher = 	 {Addison-Wesley},
	year = 	 {2000}
}

@inproceedings{DBLP:conf/icde/Martinez-BazanGE11,
  author    = {Norbert Mart{\'{\i}}nez{-}Bazan and
               Sergio G{\'{o}}mez{-}Villamor and
               Francesc Escale{-}Claveras},
  title     = {{DEX:} {A} high-performance graph database management system},
  xxbooktitle = {Workshops Proceedings of the 27th International Conference on Data
               Engineering, {ICDE} 2011, April 11-16, 2011, Hannover, Germany},
  booktitle = {2nd International Workshop on Graph Data Management: Techniques and Applications (GDM) at {ICDE}},
  pages     = {124--127},
  year      = {2011},
  url       = {https://doi.org/10.1109/ICDEW.2011.5767616},
  doi       = {10.1109/ICDEW.2011.5767616},
  timestamp = {Wed, 17 May 2017 10:55:18 +0200},
  biburl    = {https://dblp.org/rec/bib/conf/icde/Martinez-BazanGE11},
  bibsource = {dblp computer science bibliography, https://dblp.org}
}

@inproceedings{DBLP:conf/tpctc/GubichevB14,
  author    = {Andrey Gubichev and
               Peter A. Boncz},
  title     = {Parameter Curation for Benchmark Queries},
  booktitle = {{TPCTC}},
  series    = {Lecture Notes in Computer Science},
  volume    = {8904},
  pages     = {113--129},
  publisher = {Springer},
  year      = {2014}
}

@inproceedings{DBLP:conf/sigmod/RaasveldtHGM18,
  author    = {Mark Raasveldt and
               Pedro Holanda and
               Tim Gubner and
               Hannes M{\"{u}}hleisen},
  title     = {Fair Benchmarking Considered Difficult: Common Pitfalls In Database Performance Testing},
  booktitle = {{DBTest} at {SIGMOD}},
  pages     = {2:1--2:6},
  publisher = {{ACM}},
  year      = {2018},
  url       = {http://doi.acm.org/10.1145/3209950.3209955},
  doi       = {10.1145/3209950.3209955},
  timestamp = {Fri, 08 Jun 2018 08:38:58 +0200},
  biburl    = {https://dblp.org/rec/bib/conf/sigmod/RaasveldtHGM18},
  bibsource = {dblp computer science bibliography, https://dblp.org}
}

@inproceedings{DBLP:conf/kdd/LeskovecBKT08,
  author    = {Jure Leskovec and
               Lars Backstrom and
               Ravi Kumar and
               Andrew Tomkins},
  title     = {Microscopic evolution of social networks},
  booktitle = {{KDD}},
  pages     = {462--470},
  year      = {2008},
  url       = {http://doi.acm.org/10.1145/1401890.1401948},
  doi       = {10.1145/1401890.1401948},
  timestamp = {Sat, 16 Sep 2017 12:09:52 +0200},
  biburl    = {https://dblp.org/rec/bib/conf/kdd/LeskovecBKT08},
  bibsource = {dblp computer science bibliography, https://dblp.org}
}

@inproceedings{DBLP:conf/sigmod/AnglesABBFGLPPS18,
  author    = {Renzo Angles and
               Marcelo Arenas and
               Pablo Barcel{\'{o}} and
               Peter A. Boncz and
               George H. L. Fletcher and
               Claudio Gutierrez and
               Tobias Lindaaker and
               Marcus Paradies and
               Stefan Plantikow and
               Juan F. Sequeda and
               Oskar van Rest and
               Hannes Voigt},
  title     = {{G-CORE:} {A} Core for Future Graph Query Languages},
  booktitle = {{SIGMOD}},
  pages     = {1421--1432},
  publisher = {{ACM}},
  year      = {2018},
  url       = {http://doi.acm.org/10.1145/3183713.3190654},
  doi       = {10.1145/3183713.3190654},
  timestamp = {Sun, 27 May 2018 19:31:52 +0200},
  biburl    = {https://dblp.org/rec/bib/conf/sigmod/AnglesABBFGLPPS18},
  bibsource = {dblp computer science bibliography, https://dblp.org}
}

@inproceedings{DBLP:conf/grades/PacaciZLO17,
  author    = {Anil Pacaci and
               Alice Zhou and
               Jimmy Lin and
               M. Tamer {\"{O}}zsu},
  title     = {Do We Need Specialized Graph Databases? {B}enchmarking Real-Time Social
               Networking Applications},
  booktitle = {GRADES at SIGMOD},
  pages     = {12:1--12:7},
  year      = {2017},
  url       = {http://doi.acm.org/10.1145/3078447.3078459},
  doi       = {10.1145/3078447.3078459},
  timestamp = {Tue, 18 Jul 2017 08:08:15 +0200},
  biburl    = {https://dblp.org/rec/bib/conf/grades/PacaciZLO17},
  bibsource = {dblp computer science bibliography, https://dblp.org}
}

@article{DBLP:journals/pvldb/LissandriniBV18,
  author    = {Matteo Lissandrini and
               Martin Brugnara and
               Yannis Velegrakis},
  title     = {Beyond Macrobenchmarks: {M}icrobenchmark-based Graph Database Evaluation},
  journal   = {{PVLDB}},
  volume    = {12},
  number    = {4},
  pages     = {390--403},
  year      = {2018},
  url       = {http://www.vldb.org/pvldb/vol12/p390-lissandrini.pdf},
  timestamp = {Tue, 02 Apr 2019 16:58:05 +0200},
  biburl    = {https://dblp.org/rec/bib/journals/pvldb/LissandriniBV18},
  bibsource = {dblp computer science bibliography, https://dblp.org}
}

@inproceedings{DBLP:conf/semweb/MagliacaneBV12,
  author    = {Sara Magliacane and
               Alessandro Bozzon and
               Emanuele Della Valle},
  title     = {Efficient Execution of Top-K {SPARQL} Queries},
  booktitle = {ISWC},
  pages     = {344--360},
  publisher = {Springer},
  year      = {2012},
  url       = {https://doi.org/10.1007/978-3-642-35176-1_22},
  doi       = {10.1007/978-3-642-35176-1_22},
  timestamp = {Tue, 14 May 2019 10:00:53 +0200},
  biburl    = {https://dblp.org/rec/bib/conf/semweb/MagliacaneBV12},
  bibsource = {dblp computer science bibliography, https://dblp.org}
}

@article{ldbc_byelaws,
  title={{Byelaws of the Linked Data Benchmark Council v1.1}},
  author={LDBC},
  year={2017},
  note={\url{http://ldbcouncil.org/sites/default/files/ldbc-byelaws-1.1.pdf}}
}
